<?xml version="1.0" encoding="UTF-8"?><record xmlns="http://www.loc.gov/MARC21/slim" xmlns:cinclude="http://apache.org/cocoon/include/1.0" xmlns:zs="http://www.loc.gov/zing/srw/">
  <leader>00484cz  a2200145n  4500</leader>
  <controlfield tag="001">nr 93039511 </controlfield>
  <controlfield tag="003">DLC</controlfield>
  <controlfield tag="005">20120804084810.0</controlfield>
  <controlfield tag="008">930930n| acannaab           |n aaa     c</controlfield>
  <datafield tag="010" ind1=" " ind2=" ">
    <subfield code="a">nr 93039511 </subfield>
  </datafield>
  <datafield tag="040" ind1=" " ind2=" ">
    <subfield code="a">PPL</subfield>
    <subfield code="b">eng</subfield>
    <subfield code="c">PPL</subfield>
    <subfield code="d">DLC</subfield>
  </datafield>
  <datafield tag="100" ind1="1" ind2=" ">
    <subfield code="a">Clark, James J.,</subfield>
    <subfield code="c">of Philadelphia</subfield>
  </datafield>
  <datafield tag="667" ind1=" " ind2=" ">
    <subfield code="a">THIS 1XX FIELD CANNOT BE USED UNDER RDA UNTIL THIS RECORD HAS BEEN REVIEWED AND/OR UPDATED</subfield>
  </datafield>
  <datafield tag="670" ind1=" " ind2=" ">
    <subfield code="a">Extracts from various journals, 1859:</subfield>
    <subfield code="b">t.p. (James J. Clark, of Philadelphia)</subfield>
  </datafield>
  <datafield tag="670" ind1=" " ind2=" ">
    <subfield code="a">WwW</subfield>
  </datafield>
</record>